@article{ditzen2007effects,
  title={Effects of different kinds of couple interaction on cortisol and heart rate responses to stress in women},
  author={Ditzen, Beate and Neumann, Inga D and Bodenmann, Guy and von Dawans, Bernadette and Turner, Rebecca A and Ehlert, Ulrike and Heinrichs, Markus},
  journal={Psychoneuroendocrinology},
  volume={32},
  number={5},
  pages={565--574},
  year={2007},
  publisher={Elsevier}
}